<record><leader>00000cas a2200000 a 4500</leader><controlfield tag="001">33436721</controlfield><controlfield tag="008">951108d19671979fluwr ne      0    0eng c</controlfield><datafield ind1=" " ind2=" " tag="010"><subfield code="a">sn 95047255 </subfield></datafield><datafield ind1=" " ind2=" " tag="040"><subfield code="a">FUG</subfield><subfield code="b">eng</subfield><subfield code="c">FUG</subfield><subfield code="d">OCLCQ</subfield><subfield code="d">OCLCF</subfield><subfield code="d">OCLCO</subfield></datafield><datafield ind1=" " ind2=" " tag="012"><subfield code="i">9511</subfield></datafield><datafield ind1="1" ind2=" " tag="029"><subfield code="a">AU@</subfield><subfield code="b">000025888869</subfield></datafield><datafield ind1=" " ind2=" " tag="042"><subfield code="a">pcc</subfield></datafield><datafield ind1=" " ind2=" " tag="043"><subfield code="a">n-us-fl</subfield></datafield><datafield ind1="0" ind2="0" tag="245"><subfield code="a">Everglades observer.</subfield></datafield><datafield ind1=" " ind2=" " tag="260"><subfield code="a">Pahokee, Palm Beach County, Fla. :</subfield><subfield code="b">Lake Shore Press,</subfield><subfield code="c">1967-1979.</subfield></datafield><datafield ind1=" " ind2=" " tag="300"><subfield code="a">v.</subfield></datafield><datafield ind1=" " ind2=" " tag="310"><subfield code="a">Weekly</subfield></datafield><datafield ind1="1" ind2=" " tag="362"><subfield code="a">Began in 1967.</subfield></datafield><datafield ind1="0" ind2=" " tag="362"><subfield code="a">Vol. 44, no. 31 (Oct. 5, 1967)-v. 57, no. 36 (Sept. 12, 1979).</subfield></datafield><datafield ind1=" " ind2="0" tag="651"><subfield code="a">Pahokee (Fla.)</subfield><subfield code="v">Newspapers.</subfield></datafield><datafield ind1=" " ind2="0" tag="651"><subfield code="a">Palm Beach County (Fla.)</subfield><subfield code="v">Newspapers.</subfield></datafield><datafield ind1=" " ind2="7" tag="655"><subfield code="a">Newspapers.</subfield><subfield code="2">fast</subfield><subfield code="0">(OCoLC)fst01423814</subfield></datafield><datafield ind1=" " ind2="7" tag="651"><subfield code="a">Florida</subfield><subfield code="z">Pahokee.</subfield><subfield code="2">fast</subfield><subfield code="0">(OCoLC)fst01216861</subfield></datafield><datafield ind1=" " ind2="7" tag="651"><subfield code="a">Florida</subfield><subfield code="z">Palm Beach County.</subfield><subfield code="2">fast</subfield><subfield code="0">(OCoLC)fst01205639</subfield></datafield><datafield ind1=" " ind2=" " tag="752"><subfield code="a">United States</subfield><subfield code="b">Florida</subfield><subfield code="c">Palm Beach</subfield><subfield code="d">Pahokee.</subfield></datafield><datafield ind1="0" ind2="4" tag="780"><subfield code="t">Everglades news</subfield><subfield code="w">(DLC)sn 95026042</subfield><subfield code="w">(OCoLC)32615395</subfield></datafield><datafield ind1="0" ind2="4" tag="780"><subfield code="t">Glades observer</subfield></datafield><datafield ind1="0" ind2="7" tag="785"><subfield code="t">Belle Glade herald (Belle Glade, Fla. : 1940)</subfield><subfield code="w">(DLC)sn 95047256</subfield><subfield code="w">(OCoLC)33436722</subfield></datafield><datafield ind1="0" ind2="7" tag="785"><subfield code="t">Herald-observer</subfield><subfield code="w">(DLC)sn 95047257</subfield><subfield code="w">(OCoLC)33436723</subfield></datafield><datafield ind1=" " ind2=" " tag="850"><subfield code="a">FU</subfield></datafield></record>